@book{DeLoera2012,
  doi = {10.1137/1.9781611972443},
  url = {https://doi.org/10.1137/1.9781611972443},
  year  = {2012},
  month = {dec},
  publisher = {Society for Industrial and Applied Mathematics},
  author = {Jes{\'{u}}s A. De Loera and Raymond Hemmecke and Matthias K\"{o}ppe},
  title = {Algebraic and Geometric Ideas in the Theory of Discrete Optimization}
}

@book{Yoshida,
  note = {ppt available at http://polytopes.net/pdf/ISM.pdf},
  author = {Ruriko Yoshida},
  title = {Barvinokâ€™s enumeration algorithm and applications to Statistics}
}

